@book{knuth2013art,
  title={Art of Computer Programming, Volume 4, Fascicle 4,The: Generating All Trees--History of Combinatorial Generation},
  author={Knuth, D.E.},
  isbn={9780132702348},
  url={https://books.google.com.br/books?id=56LNfE2QGtYC},
  year={2013},
  publisher={Pearson Education}
}

@book{Kleinberg:2005:AD:1051910,
 author = {Kleinberg, Jon and Tardos, Eva},
 title = {Algorithm Design},
 year = {2005},
 isbn = {0321295358},
 publisher = {Addison-Wesley Longman Publishing Co., Inc.},
 address = {Boston, MA, USA}
}
@book{Cormen:2009:IAT:1614191,
 author = {Cormen, Thomas H. and Leiserson, Charles E. and Rivest, Ronald L. and Stein, Clifford},
 title = {Introduction to Algorithms, Third Edition},
 year = {2009},
 isbn = {0262033844, 9780262033848},
 edition = {3rd},
 publisher = {The MIT Press},
} 
